@misc{GoogleTinkAEAD,
  author = "{Google}",
  title = "{Authenticated Encryption with Associated Data (AEAD)}",
  howpublished = "\url{www.tink.dev/docs/reference/crypto/AEAD}",
  year = {2024},
  month = {5},
  note = {Accessed on 2024-05-10}
}
